
@misc{aa,
    author    = {Bernd Strehl},
    title     = {{Serverless Benchmark}},
    howpublished = {\url{ https://serverless-benchmark.com/}},
}

@misc{bb,
    author    = {Maciej Malawski; Kamil Figiela; Adam Gajek; Adam Zima},
    title     = {{Benchmarking Heterogeneous Cloud Functions}},
    howpublished = {\url{https://www.icsr.agh.edu.pl/~malawski/CloudFunctionsHeteroPar17InformalProceedings.pdf}},
}


@misc{cc,
    author    = {Michael Wittig},
    title     = {{ECS vs. Fargate: What's the difference?}},
    howpublished = {\url{https://cloudonaut.io/ecs-vs-fargate-whats-the-difference/}},
    year={2019}
}

@misc{dd,
    author    = {Y.C. Tay ; Kumar Gaurav ; Pavan Karkun},
    title     = {{A Performance Comparison of Containers and Virtual Machines in Workload Migration Context}},
    howpublished = {\url{https://ieeexplore.ieee.org/document/7979796}},
}

@misc{ee,
    author    = {Mike Chan},
    title     = {{Containers vs. Serverless: Which Should You Use, and When?}},
    howpublished = {\url{https://www.thorntech.com/2018/08/containers-vs-serverless/}},
}


@misc{ff,
    author    = {Philipp Muns},
    title     = {{Serverless (FaaS) vs. Containers - when to pick which?}},
    howpublished = {\url{https://serverless.com/blog/serverless-faas-vs-containers/}},
}


@misc{gg,
    author    = {Chad Arimura},
    title     = {{Functions vs Containers}},
    howpublished = {\url{https://medium.com/oracledevs/containers-vs-functions-51c879216b97}},
}


@misc{ii,
    author    = {Amazon Web Services},
    title     = {{Square Enix Case Study}},
    howpublished = {\url{https://aws.amazon.com/solutions/case-studies/square-enix/}},
}

@misc{hh,
    title     = {{Top cloud providers 2019: AWS, Microsoft Azure, Google Cloud; IBM makes hybrid move; Salesforce dominates SaaS}},
    author    = {Larry Dignan},
    howpublished = {\url{https://www.zdnet.com/article/top-cloud-providers-2019-aws-microsoft-azure-google-cloud-ibm-makes-hybrid-move-salesforce-dominates-saas/}},
}

@misc{jj,
    title     = {{Zeit Now, find out how to use the Now platform created by Zeit}},
    author    = {Flavio Copes},
    howpublished = {\url{https://flaviocopes.com/zeit-now/}},
}
