@misc{aa,
    author    = {Bernd Strehl},
    title     = {{Serverless Benchmark}},
    howpublished = {\url{ https://serverless-benchmark.com/}},
}


@misc{popular1,
    author    = {CloudFlare},
    title     = {{What Is Serverless Computing? | Serverless Definition}},
    howpublished = {\url{ https://www.cloudflare.com/learning/serverless/what-is-serverless/}},
}

@misc{googleappengine,
    author    = {Prodan R. Sperk M. Ostermann S.},
    title     = {{Evaluating High-Performance Computing on Google App Engine}},
    howpublished = {IEEE Software (Volume: 29, Issue: 2, March-April 2012)},
}

@misc{googleappengine2,
    author    = {Malawski, M. Kuzniar, M. Wojcik, P. BubakM, H.},
    title     = {{How to Use Google App Engine for Free Computing}},
    howpublished = {IEEE Internet Computing (Volume: 17,  pp. 50-59, 2013)},
}


@misc{bb,
    author    = {Maciej Malawski; Kamil Figiela; Adam Gajek; Adam Zima},
    title     = {{Benchmarking Heterogeneous Cloud Functions}},
    howpublished = {\url{https://www.icsr.agh.edu.pl/~malawski/CloudFunctionsHeteroPar17InformalProceedings.pdf}},
}


@misc{cc,
    author    = {Michael Wittig},
    title     = {{ECS vs. Fargate: What's the difference?}},
    howpublished = {\url{https://cloudonaut.io/ecs-vs-fargate-whats-the-difference/}},
    year={2019}
}

@misc{dd,
    author    = {Y.C. Tay ; Kumar Gaurav ; Pavan Karkun},
    title     = {{A Performance Comparison of Containers and Virtual Machines in Workload Migration Context}},
    howpublished = {\url{https://ieeexplore.ieee.org/document/7979796}},
}

@misc{ee,
    author    = {Mike Chan},
    title     = {{Containers vs. Serverless: Which Should You Use, and When?}},
    howpublished = {\url{https://www.thorntech.com/2018/08/containers-vs-serverless/}},
}


@misc{ff,
    author    = {Philipp Muns},
    title     = {{Serverless (FaaS) vs. Containers - when to pick which?}},
    howpublished = {\url{https://serverless.com/blog/serverless-faas-vs-containers/}},
}


@misc{gg,
    author    = {Chad Arimura},
    title     = {{Functions vs Containers}},
    howpublished = {\url{https://medium.com/oracledevs/containers-vs-functions-51c879216b97}},
}

@misc{ii,
    author    = {Amazon Web Services},
    title     = {{Square Enix Case Study}},
    howpublished = {\url{https://aws.amazon.com/solutions/case-studies/square-enix/}},
}
